@string{I = {Ind. Eng. Chem. Res.}}%
@string{F = {Fuel}}%
@string{EF = {Energy \& Fuels}} %
@string{CF = {Comb. \& Flame}}%
@string{EST = {Environ. Sci. Technol.}} %
@string{JAP = {J. Appl.Polym. Sci.}} %
@string{CJC = { Can. J. Chem. Eng.}} %
@string{JAA ={J. Anal. Appl. Pyrolysis.}} %
@string{JPS = {J. Polym. Sci. A}}%
@string{CST = {Combust. Sci. Tech.}} %
@string{C = {Carbon}}%
@string{Aiche = {AIChE J.}}%
@string{CES = {Chem. Eng. Sci.}}%
@string{JFM ={ J. Fluid. Mech.}}%

 @BOOK{G1,
 author={Goldstein, H. and Poole C. and Safko, J.},
 title={Classical Mechanics},
 publisher={Addison Wesley},
 address={col},
 year={2002},
 }
 @BOOK{Amb1,
 editor={Case, D. et. al},
 title={Amber 2016 Reference Manual},
 publisher={Amber Home Page},
 address={San Francisco},
 year={2016},
 }
 @misc{web:Amb2,
      author = "Case, D. et al.",
      title = "Amber Home Page",
      month = "Agosto",
      year = "2016",
   howpublished="\url{http://ambermd.org/}"
},