@article{Gur2013GlobalPredictions.,
    title = {{Global motions exhibited by proteins in micro- to milliseconds simulations concur with anisotropic network model predictions.}},
    year = {2013},
    journal = {The Journal of chemical physics},
    author = {Gur, M and Zomot, E and Bahar, I},
    number = {12},
    month = {9},
    pages = {121912},
    volume = {139},
    url = {http://www.pubmedcentral.nih.gov/articlerender.fcgi?artid=3739829{\&}tool=pmcentrez{\&}rendertype=abstract},
    doi = {10.1063/1.4816375},
    issn = {1089-7690},
    pmid = {24089724},
    keywords = {Algorithms, Amino Acid Transport Systems, Amino Acid Transport Systems: chemistry, Amino Acid Transport Systems: metabolism, Animals, Anisotropy, Aprotinin, Aprotinin: chemistry, Aprotinin: metabolism, Aspartic Acid, Aspartic Acid: chemistry, Aspartic Acid: metabolism, Cattle, Chemical, Kinetics, Lipid Bilayers, Lipid Bilayers: chemistry, Models, Molecular, Molecular Dynamics Simulation, Principal Component Analysis, Time Factors, Water, Water: chemistry}
}

@book{Goldstein2001ClassicalMechanics,
    title = {{Classical Mechanics}},
    year = {2001},
    author = {Goldstein, Herbert and Poole, Charles P. and Safko, John},
    editor = {{Pearson Education Ltd.}},
    edition = {3},
    number = {1},
    pages = {238--271},
    volume = {1},
    publisher = {Adison Wesley, Pearson},
    isbn = {978-0201657029},
    doi = {10.1017/CBO9781107415324.004},
    issn = {16130073},
    pmid = {25246403},
    arxivId = {arXiv:1011.1669v3}
}

@article{Lezon2009ElasticViruses,
    title = {{Elastic Network Models For Biomolecular Dynamics: Theory and Application to Membrane Proteins and Viruses}},
    year = {2009},
    journal = {Handbook on Biological Networks},
    author = {Lezon, Timothy R. and Shrivastava, Indira H. and Yang, Zheng and Bahar, Ivet},
    pages = {129--158},
    url = {papers2://publication/uuid/9B230FBB-A40F-4630-9421-7FF883030646}
}

@misc{Amber2016AmberManual,
    title = {{Amber 2016 Reference Manual}},
    year = {2016},
    author = {Amber, Covers},
    url = {http://ambermd.org/}
}

@article{Hayward2008NormalDynamics,
    title = {{Normal modes and essential dynamics}},
    year = {2008},
    journal = {Methods in Molecular Biology},
    author = {Hayward, Steven and De Groot, Bert L.},
    isbn = {9781588298645},
    doi = {10.1007/978-1-59745-177-2-5},
    issn = {10643745},
    pmid = {18446283},
    keywords = {Collective protein dynamics, Conformational flooding, Conformational sampling, Elastic network, Principal component analysis}
}

@article{Acuerdo2016,
    title = {{Acuerdo final 24 08 2016}}
}

@article{KelliNicoleKazmier2013RevealingSpectroscopy,
    title = {{Revealing the Mechanistic Diversity of the LeuT Fold: A Comparative Analysis of the Leucine Transporter and the Hydantoin Transporter using Electron Paramagnetic Resonance Spectroscopy}},
    year = {2013},
    author = {Kelli Nicole Kazmier, By and Cobb, Charles E and Blakely, Randy D and Borden Lacy, D and Meiler, Jens}
}